<?xml version="1.0" encoding="UTF-8"?><record xmlns="http://www.loc.gov/MARC21/slim" xmlns:cinclude="http://apache.org/cocoon/include/1.0" xmlns:zs="http://www.loc.gov/zing/srw/">
  <leader>00642cz  a2200169n  4500</leader>
  <controlfield tag="001">n  95084376 </controlfield>
  <controlfield tag="003">DLC</controlfield>
  <controlfield tag="005">20070405074936.0</controlfield>
  <controlfield tag="008">950824n| acannaabn          |a aac      </controlfield>
  <datafield tag="010" ind1=" " ind2=" ">
    <subfield code="a">n  95084376 </subfield>
  </datafield>
  <datafield tag="035" ind1=" " ind2=" ">
    <subfield code="a">(OCoLC)oca03905556</subfield>
  </datafield>
  <datafield tag="040" ind1=" " ind2=" ">
    <subfield code="a">DLC</subfield>
    <subfield code="b">eng</subfield>
    <subfield code="c">DLC</subfield>
    <subfield code="d">IEN</subfield>
  </datafield>
  <datafield tag="100" ind1="1" ind2=" ">
    <subfield code="a">Beidar, K. I.</subfield>
    <subfield code="q">(Konstantin I.),</subfield>
    <subfield code="d">1951-</subfield>
  </datafield>
  <datafield tag="400" ind1="1" ind2=" ">
    <subfield code="a">Beidar, Konstantin I.,</subfield>
    <subfield code="d">1951-</subfield>
  </datafield>
  <datafield tag="400" ind1="1" ind2=" ">
    <subfield code="a">Beidar, Kostia,</subfield>
    <subfield code="d">1951-</subfield>
  </datafield>
  <datafield tag="670" ind1=" " ind2=" ">
    <subfield code="a">Rings with generalized identities, 1995:</subfield>
    <subfield code="b">CIP t.p. (K.I. Beidar; Moscow St. Univ., Moscow, Russia) data sht. (Konstantin I. Beidar; b. 10/21/51)</subfield>
  </datafield>
  <datafield tag="670" ind1=" " ind2=" ">
    <subfield code="a">Rings and nearrings : a volume in memory of the work of Kostia Beidar, 2005.</subfield>
  </datafield>
</record>